<?xml version="1.0" encoding="UTF-8"?><collection><record><leader>08512ntm a2200697 a 4500</leader><controlfield tag="001">006813545</controlfield><controlfield tag="003">MiAaHDL</controlfield><controlfield tag="005">20190719000000.0</controlfield><controlfield tag="006">m        d        </controlfield><controlfield tag="007">cr bn ---auaua</controlfield><controlfield tag="008">090605s1382    xx            00| ||ara d</controlfield><datafield tag="035" ind1=" " ind2=" "><subfield code="a">(MiU)006813545</subfield></datafield><datafield tag="035" ind1=" " ind2=" "><subfield code="a">sdr-miu006813545</subfield></datafield><datafield tag="040" ind1=" " ind2=" "><subfield code="a">MiU</subfield><subfield code="c">MiU</subfield><subfield code="e">amremm</subfield></datafield><datafield tag="043" ind1=" " ind2=" "><subfield code="a">n-us-mi</subfield></datafield><datafield tag="100" ind1="1" ind2=" "><subfield code="6">880-01</subfield><subfield code="a">Zamakhsharī, Maḥmūd ibn ʻUmar,</subfield><subfield code="d">1075-1144.</subfield></datafield><datafield tag="240" ind1="1" ind2="0"><subfield code="6">880-02</subfield><subfield code="a">Mufaṣṣal</subfield></datafield><datafield tag="245" ind1="1" ind2="0"><subfield code="6">880-03</subfield><subfield code="a">Kitāb al-Mufaṣṣal,</subfield><subfield code="f">[784, i.e. 1382].</subfield></datafield><datafield tag="246" ind1="3" ind2="0"><subfield code="a">Mufaṣṣal fī ṣan‘at al-i‘rāb</subfield></datafield><datafield tag="260" ind1=" " ind2=" "><subfield code="c">[1382].</subfield></datafield><datafield tag="300" ind1=" " ind2=" "><subfield code="a">214 leaves :</subfield><subfield code="b">paper ;</subfield><subfield code="c">260 x 185 (135 x 95) mm.</subfield></datafield><datafield tag="500" ind1=" " ind2=" "><subfield code="a">Shelfmark: Ann Arbor, University of Michigan, Special Collections Library, Isl. Ms. 621</subfield></datafield><datafield tag="500" ind1=" " ind2=" "><subfield code="a">Origin: As appears in colophon on p.468, copied by Ismāʻīl ibn Ḥasan with transcription finished ("waqaʻa al-farāgh min kitābat...") 6 Ramaḍān 784 [ca. 13 November 1382].</subfield></datafield><datafield tag="500" ind1=" " ind2=" "><subfield code="a">Accompanying materials: Numerous inserted slips, some tipped-in and others not, most paginated (pp.7-8, 9-10, 15-16, 17-18, 25-26, 31-32, 35-36, 37-38, 39-40, 45-46 [foll. p.48], unpaginated slip following p.50, 57-58, 59-60, 65-66, 67-68, 69-70, 71-72, 75-76 [scrap of lithographed paper], 83-84, 159-160, 169-170).</subfield></datafield><datafield tag="500" ind1=" " ind2=" "><subfield code="a">Former shelfmark: From inscription on inner front cover and spine label, "IL 352" (likely supplied by Yahuda).</subfield></datafield><datafield tag="500" ind1=" " ind2=" "><subfield code="a">Binding: Pasteboards covered in dark brown leather ; Type II binding (with flap, now lost) ; marbled European laid paper applied over upper cover at some point, with much now lost ; board linings in salmon/pink-tinted European laid paper ; upper and lower covers appear distinct such that the binding appears to have been cobbled together from separate covers ; upper cover bears a tooled polylobed circular ornament (shamsah) with pendants and band separating a central disc filled with interlace, along with a tooled frame in heavy interlace (strapwork), all with gold-tooled accents (compare Bosch, et al. nos. 52, 55, 56) ; lower cover bears a tooled polylobed almond-shaped ornament with pendants and central panel filled with interlace, along with cornerpieces and tooled frame in interlace (strapwork), all with gold-tooled accents (compare Bosch, et al. no.80 and 81) ; sewing now mainly gone, though likely originally sewn in white and or blue thread, two stations ; many of the bifolia have now split ; endbands lost ; in poor condition with textblock entirely separated from cover, upper cover detaching from spine, flap lost, significant abrasion, etc. ; repairs in light brown leather.</subfield></datafield><datafield tag="500" ind1=" " ind2=" "><subfield code="a">Support: non-European (likely Arab) laid paper with 8-9 laid lines per cm. and alternating sets of 2 and 3 chain lines spaced 12 mm. apart (for the sets of 2) and 11-13 mm. apart (for the sets of 3) with 40-48 mm. separating the groups (compare Humbert's listings for papers for manuscripts copied 1372 in Aleppo).</subfield></datafield><datafield tag="500" ind1=" " ind2=" "><subfield code="a">Decoration: Red ink used occasionally in the glosses for overlining and or emphasis.</subfield></datafield><datafield tag="500" ind1=" " ind2=" "><subfield code="a">Script: Naskh (with Persianate features) ; mainly serifless ; small-medium in size, fairly readable, with a slight effect of words descending to baseline, elongation of horizontal strokes, and mainly closed counters ; free-standing alifs are sans serif, taper toward the bottom, and often have a slight left foot ; tail of final lām and kāf is often curving up to meet vertical stroke ; final yāʼ is often mardūdah ; kāf mashkūlah (mashqūqah) preferred, with even final kāf bearing shaqq ; partially vocalized ; most of the glosses appear to be in the same hand, though more compact.</subfield></datafield><datafield tag="500" ind1=" " ind2=" "><subfield code="a">Layout: Written in 11 lines per page ; frame-ruled (using a misṭarah) ; margins unruled, but with extensive glosses arranged rather artistically in geometric forms.</subfield></datafield><datafield tag="500" ind1=" " ind2=" "><subfield code="a">Collation: IV (8), 1+IV+2 (19), IV (27), VII (41), 10 V(141), IV (149), V (159), 3 IV(183), 2 V(203), 1+V (214) ; initial flyleaf is affixed to opening leaf ; based on the old foliation and other factors, there appears to be a missing quaternion that was originally between quire 2 and quire 3 (i.e. it would have carried fol.20-27) ; slip paginated pp.75-76 notes the lacuna, reads "ناقص من ۱۹ الى ٢٧" ; catchwords present ; foliation in black ink, Hindu-Arabic numerals (haphazard, with missed and repeated folia, etc.) ; pagination in pencil, Western numerals, supplied during digitization (includes inserts).</subfield></datafield><datafield tag="500" ind1=" " ind2=" "><subfield code="a">Colophon: "Scribal," reads: "وقع الفراغ من كتابة المسمي بالمفصل على يد العبد الضعيف الراجي المؤمل الى رحمة الله تعالى العزيز الاجل حامدا لله ومصليا على نبيه محمد وآله اسمعيل بن حسن غفر الله له ولوالدين [كذا] ولمن ذكرهم بالخير والحسنين ما دام طالع هذه النسخة وصان في اليوم السادس من الشهر المبارك رمضان قبل ان يقع من كتابة حاشية سنة اربع وثمانين وسبعمائة"</subfield></datafield><datafield tag="500" ind1=" " ind2=" "><subfield code="a">Explicit: "واذا كانوا ممن يحذفون مع امكان الادغام في يتسع ويتقي فهم مع عدم امكانه احذف"</subfield></datafield><datafield tag="500" ind1=" " ind2=" "><subfield code="a">Incipit: "قال الاستاذ الامام الاجل فخر خوارزم رئيس الافاضل ابو القسم [القاسم] محمود بن عمر الزمخشري رحمة الله عنه الله احمد على ان جعلني من علماء العربية وجبلني على الغضب للعرب والعصبية وابى لي ان انفرد عن صميم انصارهم وامتاز وانضوى الى لفيف الشعوبية وانحاز ..."</subfield></datafield><datafield tag="500" ind1=" " ind2=" "><subfield code="a">Title from inscription on 'title page' (p.1).</subfield></datafield><datafield tag="500" ind1=" " ind2=" "><subfield code="a">Ms. codex.</subfield></datafield><datafield tag="510" ind1="4" ind2=" "><subfield code="a">Bosch, Carswell, &amp; Petherbridge. Islamic Bindings and Bookmaking (1981),</subfield><subfield code="c">nos. 52, 55, 56, 80 and 81</subfield></datafield><datafield tag="510" ind1="4" ind2=" "><subfield code="a">Humbert, G. "Papiers non-filigranés utilisés au proche-orient jusqu'en 1450: essai en typologie."</subfield><subfield code="c">Journal asiatique, 286, no.1 (1998): 1-54.</subfield></datafield><datafield tag="510" ind1="4" ind2=" "><subfield code="a">Brockelmann, C. GAL,</subfield><subfield code="c">I, 291 (II. cmtre no.3 and no.8) ; S I 507</subfield></datafield><datafield tag="520" ind1="8" ind2=" "><subfield code="a">Fine copy of Abū al-Qāsim Maḥmūd ibn ʻUmar al-Zamakhsharī's important compendium of Arabic grammar accompanied by glosses from the commentaries of Ibn Ya‘īsh (d.1245) and Aḥmad ibn Maḥmūd al-Jandī al-Andalusī (d. ca. 1300). Description provided by Noah Gardiner.</subfield></datafield><datafield tag="538" ind1=" " ind2=" "><subfield code="a">Mode of access: Internet.</subfield></datafield><datafield tag="541" ind1=" " ind2=" "><subfield code="a">Acquired in 1926 from the bookseller Isaac Benjamin S.E. Yahuda via purchase transacted on his behalf by Abraham Shalom Yahuda (1877-1951), his younger brother.</subfield></datafield><datafield tag="546" ind1=" " ind2=" "><subfield code="a">Arabic.</subfield></datafield><datafield tag="561" ind1=" " ind2=" "><subfield code="a">A few former owners' marks on 'title page' (p.1) including ownership statement beginning "صاحب وملك ..." dated 1194 [1780], purchase statement in name of Ḥāfiẓ Sulaymān Beg (حافظ سليمان بك) dated latter Shawwāl [or Shaʻbān] 1291 [1874], and prayer for the copyist dated 1296 [1878-9] in the name of Ibrāhīm Shawqī ibn Aḥmad ibn ʻAlī ; thread tabs sewn as bookmarks through pp.211-212, pp.221-222 and pp.267-268 ; extensive marginal (and some interlinear) glosses ; occasional marginal corrections.</subfield></datafield><datafield tag="600" ind1="1" ind2="0"><subfield code="a">Zamakhsharī, Maḥmūd ibn ʻUmar,</subfield><subfield code="d">1075-1144.</subfield><subfield code="t">Mufaṣṣal.</subfield></datafield><datafield tag="650" ind1=" " ind2="0"><subfield code="a">Manuscripts, Arabic</subfield><subfield code="z">Michigan</subfield><subfield code="z">Ann Arbor.</subfield></datafield><datafield tag="650" ind1=" " ind2="0"><subfield code="a">Arabic language</subfield><subfield code="x">Grammar</subfield><subfield code="v">Early works to 1800.</subfield></datafield><datafield tag="650" ind1=" " ind2="0"><subfield code="a">Arabic language</subfield><subfield code="x">Inflection</subfield><subfield code="v">Early works to 1800.</subfield></datafield><datafield tag="650" ind1=" " ind2="0"><subfield code="a">Arabic language</subfield><subfield code="x">Syntax</subfield><subfield code="v">Early works to 1800.</subfield></datafield><datafield tag="700" ind1="0" ind2=" "><subfield code="6">880-07</subfield><subfield code="a">Ḥāfiẓ Sulaymān Bīg,</subfield><subfield code="d">fl. 1874 or 5,</subfield><subfield code="e">former owner.</subfield></datafield><datafield tag="700" ind1="0" ind2=" "><subfield code="6">880-06</subfield><subfield code="a">Ismā‘īl ibn Ḥasan,</subfield><subfield code="d">fl. 1382,</subfield><subfield code="e">scribe.</subfield></datafield><datafield tag="700" ind1="1" ind2="2"><subfield code="6">880-05</subfield><subfield code="a">Jandī, Aḥmad ibn Maḥmūd,</subfield><subfield code="d">d. ca. 1300</subfield><subfield code="t">Iqlīd.</subfield></datafield><datafield tag="700" ind1="1" ind2="2"><subfield code="6">880-04</subfield><subfield code="a">Ibn Yaʻīsh, Yaʻīsh ibn ʻAlī,</subfield><subfield code="d">1158-1245.</subfield><subfield code="t">Sharḥ al-Mufaṣṣal.</subfield></datafield><datafield tag="773" ind1="0" ind2=" "><subfield code="a">Yahuda Collection.</subfield></datafield><datafield tag="880" ind1="0" ind2=" "><subfield code="6">700-07/</subfield><subfield code="a">حافظ سليمان بيگ،</subfield><subfield code="e">مالك سابق.</subfield></datafield><datafield tag="880" ind1="0" ind2=" "><subfield code="6">700-06/</subfield><subfield code="a">اسماعيل بن حسن,</subfield><subfield code="e">ناسخ.</subfield></datafield><datafield tag="880" ind1="1" ind2="2"><subfield code="6">700-05/</subfield><subfield code="a">جندي، احمد بن محمود.</subfield><subfield code="t">اقليد.</subfield></datafield><datafield tag="880" ind1="1" ind2="2"><subfield code="6">700-04/</subfield><subfield code="a">ابن يعيش, يعيش بن علي.</subfield><subfield code="t">شرح المفصل.</subfield></datafield><datafield tag="880" ind1="1" ind2="0"><subfield code="6">245-03/</subfield><subfield code="a">كتاب المفصل,</subfield><subfield code="f">[784ه، 1382م].</subfield></datafield><datafield tag="880" ind1="1" ind2="0"><subfield code="6">240-02/</subfield><subfield code="a">مفصل</subfield></datafield><datafield tag="880" ind1="1" ind2=" "><subfield code="6">100-01/</subfield><subfield code="a">زمخشري، محمود بن عمر.</subfield></datafield><datafield tag="CID" ind1=" " ind2=" "><subfield code="a">006813545</subfield></datafield><datafield tag="DAT" ind1="0" ind2=" "><subfield code="a">20190719102638.0</subfield><subfield code="b">20190719000000.0</subfield></datafield><datafield tag="DAT" ind1="1" ind2=" "><subfield code="a">20190719090653.0</subfield><subfield code="b">2019-07-19T16:11:55Z</subfield></datafield><datafield tag="DAT" ind1="2" ind2=" "><subfield code="a">2015-10-02T18:00:03Z</subfield></datafield><datafield tag="CAT" ind1=" " ind2=" "><subfield code="a">SDR-MIU</subfield><subfield code="d">EX LIBRIS - ALEPH</subfield><subfield code="l">prepare.pl-004-008</subfield></datafield><datafield tag="FMT" ind1=" " ind2=" "><subfield code="a">BK</subfield></datafield><datafield tag="HOL" ind1=" " ind2=" "><subfield code="0">sdr-miu006813545</subfield><subfield code="a">MiU</subfield><subfield code="b">SDR</subfield><subfield code="c">MIU</subfield><subfield code="p">mdp.39015079128354</subfield><subfield code="s">MIU</subfield><subfield code="1">006813545</subfield></datafield><datafield tag="974" ind1=" " ind2=" "><subfield code="b">MIU</subfield><subfield code="c">MIU</subfield><subfield code="d">20190719</subfield><subfield code="s">lit-dlps-dc</subfield><subfield code="u">mdp.39015079128354</subfield><subfield code="y">1382</subfield><subfield code="r">pd</subfield><subfield code="q">bib</subfield><subfield code="t">non-US bib date1 &lt; 1896</subfield></datafield></record></collection>